<mjloggm ver="2.3"><GO type="169" lobby="0"/><UN n0="%E9%AC%BC%E3%83%85%E3%83%A2%40%E5%B7%9D%E6%9D%91%E8%BB%8D%E5%9B%A3" n1="%48%4E%2D%4B%6F%64%61" n2="%53%69%64%65%63%61%72" n3="%E3%81%82%E3%81%8C%E3%82%8C%E3%82%8B%E9%96%93%36%73" dan="16,16,16,18" rate="2074.70,2067.27,2082.79,2277.68" sx="M,M,F,M"/><TAIKYOKU oya="0"/><INIT seed="0,0,0,0,4,82" ten="250,250,250,250" oya="0" hai0="93,11,135,47,13,126,119,98,36,6,109,31,62" hai1="90,1,95,121,37,88,64,132,104,92,63,60,49" hai2="134,130,19,127,17,97,48,111,9,27,24,116,108" hai3="52,102,77,86,72,124,29,112,113,21,91,103,78"/><T99/><D119/><U42/><E37/><V128/><F97/><W110/><G29/><T101/><D135/><U56/><E104/><V94/><F94/><N who="3" m="54647" /><G21/><T20/><D126/><U57/><E1/><V0/><F48/><W131/><G52/><T34/><D109/><N who="2" m="42058" /><F127/><W18/><G18/><N who="2" m="6665" /><F134/><W33/><G33/><T14/><D62/><U75/><E75/><V68/><F68/><W117/><G110/><T10/><D34/><U53/><E132/><V118/><F9/><W23/><G124/><T5/><D31/><U125/><E125/><V114/><F114/><W61/><G61/><T2/><D20/><U38/><E38/><V3/><F3/><W81/><G23/><T55/><D2/><U54/><E121/><V50/><F50/><W74/><G117/><N who="2" m="45161" /><F0/><W70/><G70/><T16/><D36/><U84/><E42/><V123/><F123/><W96/><G103/><T80/><D80/><U22/><E64/><V122/><F122/><W40/><G40/><T76/><D76/><N who="3" m="29289" /><G81/><T25/><D99/><N who="1" m="57735" /><E49/><V26/><AGARI ba="0,0" hai="24,26,27,128,130" m="45161,6665,42058" machi="26" ten="40,12000,2" yaku="28,2,14,1,12,1,34,2" doraHai="82" who="2" fromWho="2" sc="250,-60,250,-30,250,120,250,-30" /><INIT seed="1,0,0,3,4,71" ten="190,220,370,220" oya="1" hai0="20,88,17,30,44,130,114,42,38,34,79,98,105" hai1="8,37,81,26,96,119,7,15,106,86,1,25,100" hai2="77,110,3,6,32,102,82,63,65,74,57,101,128" hai3="121,33,29,43,50,97,95,49,48,52,132,18,40"/><U24/><E119/><V85/><F110/><W14/><G121/><T36/><D130/><U68/><E68/><V127/><F128/><W118/><G132/><T41/><D114/><U84/><E84/><V109/><F109/><W61/><G29/><T4/><D4/><U126/><E126/><V75/><F127/><W91/><G33/><T19/><D79/><U12/><REACH who="1" step="1"/><E37/><REACH who="1" ten="190,210,370,220" step="2"/><V125/><F125/><W53/><G118/><T47/><D34/><U129/><E129/><V83/><F32/><W99/><G99/><T122/><D122/><U94/><E94/><V10/><F74/><W67/><G43/><T116/><D116/><U117/><E117/><V87/><F75/><W13/><G40/><T113/><D113/><U92/><E92/><V39/><F39/><W56/><REACH who="3" step="1"/><G13/><REACH who="3" ten="190,210,370,210" step="2"/><T62/><D105/><U103/><E103/><V134/><F134/><W115/><G115/><T89/><D98/><U66/><E66/><V108/><F108/><W64/><G64/><T9/><D41/><U104/><E104/><V93/><F93/><W11/><AGARI ba="0,2" hai="11,14,18,48,49,50,52,53,56,61,67,91,95,97" machi="11" ten="30,12000,2" yaku="1,1,0,1,8,1,54,1,53,3" doraHai="71" doraHaiUra="45" who="3" fromWho="3" sc="190,-30,210,-60,370,-30,210,140" /><INIT seed="2,0,0,3,3,56" ten="160,150,340,350" oya="2" hai0="33,43,83,66,116,10,27,91,54,96,90,72,36" hai1="52,22,59,99,31,125,12,32,84,29,69,6,126" hai2="20,2,58,5,118,47,107,42,103,110,89,3,106" hai3="132,62,75,0,28,73,81,11,26,114,88,41,23"/><V85/><F118/><W122/><G122/><T7/><D116/><U93/><E69/><V94/><F103/><W39/><G132/><T82/><D54/><U21/><E32/><V133/><F133/><W101/><G101/><T108/><D108/><U109/><E109/><V130/><F110/><W87/><G114/><T78/><D66/><U9/><E84/><V70/><F70/><W65/><G41/><T113/><D82/><U63/><E125/><V57/><F130/><W50/><G50/><T119/><D96/><U121/><E121/><V77/><F58/><W131/><G39/><T64/><D64/><U35/><E126/><V112/><F112/><W128/><G11/><T51/><D51/><U1/><E35/><V124/><F124/><W71/><REACH who="3" step="1"/><G0/><REACH who="3" ten="160,150,340,340" step="2"/><T30/><D119/><U127/><E127/><V38/><F2/><W40/><G40/><T55/><D113/><U61/><E1/><V134/><F134/><W34/><G34/><T97/><D97/><U95/><E99/><V100/><F100/><W104/><G104/><T123/><D123/><U13/><E9/><N who="2" m="2239" /><F107/><W24/><G24/><T74/><D43/><U67/><E6/><V111/><F106/><W8/><G8/><T92/><D36/><U16/><E67/><V48/><F111/><W17/><G17/><T45/><D10/><U18/><E52/><V68/><F38/><W14/><G14/><T44/><D7/><U37/><E37/><V86/><F42/><W80/><G80/><T105/><D55/><U129/><E129/><AGARI ba="0,1" hai="23,26,28,62,65,71,73,75,81,87,88,128,129,131" machi="129" ten="40,8000,1" yaku="1,1,19,1,52,1,54,1,53,0" doraHai="56" doraHaiUra="49" who="3" fromWho="1" sc="160,0,150,-80,340,0,340,90" /><INIT seed="3,0,0,5,2,55" ten="160,70,340,430" oya="3" hai0="80,7,35,90,100,6,125,129,82,40,59,78,60" hai1="38,126,87,79,72,33,9,14,52,1,34,88,62" hai2="5,86,98,105,96,30,43,22,37,112,114,68,73" hai3="51,107,54,18,109,15,57,76,135,61,4,131,113"/><W103/><G113/><T58/><D35/><U21/><E38/><V123/><F73/><W130/><G135/><T50/><D129/><N who="3" m="49161" /><G109/><T41/><D125/><U93/><E1/><V31/><F68/><W64/><G76/><T104/><D104/><U2/><E2/><V117/><F5/><N who="0" m="1546" /><D100/><U49/><E126/><V102/><F37/><W83/><G4/><T25/><D25/><U81/><E62/><V16/><F43/><N who="0" m="16458" /><D50/><U27/><E9/><V132/><F132/><W127/><G127/><T36/><D36/><U8/><E8/><V53/><F117/><W94/><G107/><T20/><D20/><U12/><E12/><V92/><F123/><W89/><G103/><T44/><D44/><U47/><REACH who="1" step="1"/><E14/><REACH who="1" ten="160,60,340,430" step="2"/><V74/><F114/><W63/><G63/><T56/><D60/><U42/><E42/><V133/><F112/><W119/><G119/><T69/><D69/><U118/><E118/><V71/><F71/><W46/><G15/><T101/><D101/><U106/><E106/><V111/><F105/><W124/><G124/><T128/><D128/><U65/><E65/><V17/><F102/><W39/><G39/><T77/><D90/><U0/><E0/><V48/><F133/><W24/><G64/><T116/><D116/><U19/><AGARI ba="0,1" hai="19,21,27,33,34,47,49,52,72,79,81,87,88,93" machi="19" ten="20,8000,1" yaku="1,1,0,1,7,1,54,2,53,0" doraHai="55" doraHaiUra="99" who="1" fromWho="1" sc="160,-20,60,90,340,-20,430,-40" /><INIT seed="4,0,0,3,0,81" ten="140,150,320,390" oya="0" hai0="40,5,99,30,134,122,23,22,39,110,131,92,1" hai1="125,86,69,25,129,118,65,100,111,56,90,89,114" hai2="6,73,95,41,83,119,29,120,49,32,71,97,104" hai3="61,26,98,43,33,67,7,128,60,77,88,63,107"/><T116/><D122/><U2/><E111/><V70/><F120/><W109/><G109/><T80/><D116/><U36/><E2/><V53/><F104/><W45/><G77/><T121/><D110/><U12/><E36/><V35/><F41/><W55/><G7/><T15/><D121/><U8/><E69/><V126/><F6/><W85/><G55/><T96/><D1/><U113/><E100/><V50/><F119/><W62/><G128/><T115/><D134/><U64/><E90/><V87/><F73/><W31/><G107/><T75/><D131/><U18/><E129/><V106/><F106/><W13/><G13/><T20/><D115/><N who="1" m="44043" /><E125/><V82/><F29/><W37/><G98/><T130/><D130/><U102/><E102/><V38/><F38/><W24/><G24/><T0/><D99/><U133/><E133/><V124/><F95/><W123/><G123/><T105/><D15/><U46/><E46/><V58/><F97/><W16/><G16/><T28/><D105/><U127/><E127/><V68/><F82/><W72/><G72/><T112/><D112/><U27/><E118/><V66/><F66/><N who="1" m="25705" /><E56/><V11/><F126/><W34/><G67/><T42/><D42/><U79/><E79/><N who="2" m="46591" /><F124/><W103/><G103/><N who="0" m="60807" /><D40/><U132/><E132/><V51/><F11/><W48/><N who="3" m="15360" /><DORA hai="91" /><W57/><G37/><T54/><D54/><U117/><E117/><V3/><F3/><W135/><G135/><T59/><D59/><U47/><E47/><V101/><F101/><W9/><G57/><T4/><D39/><U44/><E44/><V21/><F71/><RYUUKYOKU ba="0,0" sc="140,-10,150,30,320,-10,390,-10" hai1="8,12,18,25,27,86,89" /><INIT seed="5,1,0,0,1,65" ten="130,180,310,380" oya="1" hai0="71,66,13,67,114,7,77,105,86,133,82,21,56" hai1="30,127,93,38,135,27,16,43,121,92,131,102,80" hai2="87,126,96,113,109,35,108,62,19,42,12,6,84" hai3="39,41,134,4,64,50,29,34,91,78,45,20,15"/><U122/><E38/><V23/><F35/><W18/><G78/><T103/><D133/><U5/><E43/><V61/><F126/><W98/><G64/><T36/><D114/><U117/><E5/><V40/><F113/><W101/><G91/><T119/><D56/><U90/><E127/><V63/><F6/><W28/><G34/><T11/><D119/><U85/><E117/><V74/><F74/><W70/><G70/><T72/><D67/><U22/><E135/><V115/><F115/><W44/><G4/><T125/><D36/><U97/><E131/><V9/><F9/><W53/><REACH who="3" step="1"/><G134/><REACH who="3" ten="130,180,310,370" step="2"/><T58/><D125/><U69/><E69/><V55/><F109/><W128/><G128/><T73/><D71/><U25/><E80/><V100/><F108/><W46/><G46/><T130/><D130/><U57/><E57/><V2/><F100/><W51/><G51/><T99/><D58/><U31/><REACH who="1" step="1"/><E31/><REACH who="1" ten="130,170,310,370" step="2"/><V1/><F2/><W94/><AGARI ba="1,2" hai="15,18,20,28,29,39,41,44,45,50,53,94,98,101" machi="94" ten="20,2700,0" yaku="1,1,0,1,7,1,53,0" doraHai="65" doraHaiUra="79" who="3" fromWho="3" sc="130,-8,170,-14,310,-8,370,50" /><INIT seed="6,0,0,5,5,27" ten="122,156,302,420" oya="2" hai0="66,57,20,3,125,54,16,8,101,122,135,95,40" hai1="103,11,33,13,67,111,22,4,47,110,107,32,96" hai2="116,76,37,2,117,55,126,28,105,104,43,80,79" hai3="119,131,128,99,106,87,62,124,59,121,44,49,65"/><V19/><F2/><W30/><G119/><T36/><D122/><U7/><E67/><V112/><F37/><W109/><G109/><T90/><D125/><U108/><E47/><V50/><F43/><W58/><G121/><T86/><D135/><U75/><E75/><V113/><F126/><W63/><G87/><T10/><D66/><U114/><E114/><N who="2" m="44139" /><F19/><W115/><G30/><T21/><D21/><U23/><E96/><V120/><F120/><W64/><G124/><T17/><D17/><U100/><E107/><N who="2" m="41035" /><F28/><W98/><G115/><T70/><D3/><U123/><E123/><V5/><F5/><N who="1" m="2121" /><E100/><V102/><F102/><W127/><G127/><T1/><D101/><U6/><E103/><V77/><F55/><N who="3" m="30119" /><G106/><T93/><D36/><U84/><E84/><N who="2" m="48135" /><F50/><W53/><G53/><T60/><D40/><U133/><E133/><V45/><F45/><W91/><G64/><T29/><D29/><U31/><E23/><V51/><F51/><W88/><G62/><T24/><D1/><U85/><E85/><V129/><F129/><W132/><G132/><T73/><D73/><U118/><E118/><AGARI ba="0,0" hai="77,79,116,117,118" m="48135,41035,44139" machi="118" ten="40,7700,0" yaku="15,1,34,2" doraHai="27" who="2" fromWho="1" sc="122,0,156,-77,302,77,420,0" /><INIT seed="6,1,0,0,2,116" ten="122,79,379,420" oya="2" hai0="7,40,92,96,25,42,24,68,18,97,93,15,75" hai1="107,54,67,35,76,118,131,52,46,132,36,22,101" hai2="2,28,103,79,121,50,39,29,104,86,6,82,77" hai3="31,58,87,115,99,129,125,44,81,16,34,126,47"/><V80/><F39/><W73/><G73/><T37/><D68/><U33/><E118/><V55/><F121/><W48/><G129/><T12/><D75/><U60/><E131/><V43/><F43/><W120/><G120/><T1/><D1/><U130/><E130/><V10/><F104/><W49/><G31/><T5/><REACH who="0" step="1"/><D18/><REACH who="0" ten="112,79,379,420" step="2"/><U38/><E132/><V119/><F119/><W45/><G125/><T59/><D59/><U27/><E35/><V71/><F71/><W89/><G58/><T61/><D61/><U90/><E33/><V74/><F103/><W56/><G16/><T30/><D30/><U53/><E46/><AGARI ba="1,1" hai="2,6,10,28,29,46,50,55,74,77,79,80,82,86" machi="46" ten="30,1500,0" yaku="7,1" doraHai="116" who="2" fromWho="1" sc="112,0,79,-18,379,28,420,0" /><INIT seed="6,2,0,0,5,28" ten="112,61,407,420" oya="2" hai0="8,15,131,121,30,11,63,92,3,47,123,2,93" hai1="104,95,25,134,135,67,110,129,87,74,113,83,105" hai2="72,90,102,111,98,23,43,117,108,37,73,119,97" hai3="115,82,49,33,18,59,41,51,6,52,12,124,128"/><V56/><F37/><W127/><G33/><T70/><D47/><U39/><E39/><V96/><F43/><W55/><G128/><T32/><D70/><U125/><E67/><V77/><F56/><W65/><G6/><N who="0" m="3575" /><D63/><U50/><E50/><V4/><F4/><W69/><G115/><T126/><D93/><U76/><E25/><V68/><F23/><W99/><G99/><N who="2" m="37961" /><F68/><W106/><G106/><N who="1" m="41066" /><E113/><V1/><F1/><N who="0" m="10" /><D92/><U54/><E54/><V86/><N who="2" m="37969" /><V17/><DORA hai="91" /><F17/><W46/><G82/><T13/><D131/><U38/><E38/><V71/><F71/><W21/><REACH who="3" step="1"/><G41/><REACH who="3" ten="112,61,407,410" step="2"/><T10/><D126/><U88/><E129/><V120/><F102/><W89/><G89/><T84/><D84/><U132/><E110/><N who="2" m="42027" /><F120/><N who="0" m="46154" /><D13/><U19/><E19/><V35/><F35/><W101/><G101/><T61/><D61/><AGARI ba="2,1" hai="12,18,21,46,49,51,52,55,59,61,65,69,124,127" machi="61" ten="40,5200,0" yaku="1,1,54,1,53,1" doraHai="28,91" doraHaiUra="14,122" who="3" fromWho="0" sc="112,-58,61,0,407,0,410,68" /><INIT seed="7,0,0,4,5,59" ten="54,61,407,478" oya="3" hai0="47,94,106,54,103,41,101,119,45,93,7,121,49" hai1="110,15,130,96,113,114,100,60,11,28,31,116,117" hai2="63,70,58,56,13,9,20,71,99,36,107,12,109" hai3="89,19,64,52,88,127,6,50,3,77,123,80,46"/><W132/><G123/><T97/><D119/><N who="1" m="45643" /><E110/><V57/><F109/><W86/><G132/><T33/><D121/><U30/><E60/><V125/><F125/><W133/><G133/><T128/><D128/><U78/><E78/><V82/><F36/><W44/><G64/><T32/><D7/><N who="1" m="3583" /><E130/><V35/><F35/><W40/><G127/><T102/><D94/><AGARI ba="0,0" hai="28,30,31,94,96,100,113,114" m="3583,45643" machi="94" ten="30,1000,0" yaku="12,1" doraHai="59" who="1" fromWho="0" sc="54,-10,61,10,407,0,478,0" owari="44,-46.0,71,-33.0,407,21.0,478,58.0" /></mjloggm>