<mjloggm ver="2.3"><GO type="169" lobby="0"/><UN n0="%E3%83%8F%E3%82%B9%E5%A4%AA" n1="%E9%B7%BA%E5%AE%AE%E6%85%A7%E5%A4%AA" n2="%E8%87%B3%E5%AE%9D%E3%81%99%E3%81%8E" n3="%E4%BB%8A%E6%9B%B4" dan="17,17,17,16" rate="2212.69,2135.87,2192.41,2083.56" sx="M,M,M,M"/><TAIKYOKU oya="0"/><INIT seed="0,0,0,4,3,81" ten="250,250,250,250" oya="0" hai0="38,115,30,79,0,51,87,100,113,80,103,108,110" hai1="19,86,98,104,129,50,5,60,67,44,126,94,63" hai2="16,46,53,125,119,31,42,1,34,18,57,13,85" hai3="62,12,6,3,21,99,111,10,71,101,89,73,7"/><T8/><D38/><U33/><E129/><V120/><F125/><W77/><G111/><N who="0" m="42539" /><D30/><U27/><E126/><V24/><F120/><W90/><G73/><T48/><D51/><U70/><E5/><V32/><F1/><W4/><G77/><T25/><D25/><U11/><E104/><V83/><F34/><W132/><G132/><T91/><D48/><U123/><E123/><V117/><F46/><W52/><G71/><T130/><D130/><U61/><E33/><V109/><F42/><W127/><G21/><T43/><D43/><U35/><E35/><V124/><F124/><W118/><G118/><N who="2" m="45065" /><F109/><W20/><G20/><T106/><D106/><U116/><E116/><V107/><F107/><W41/><G41/><T114/><D79/><U45/><E45/><V26/><F26/><W2/><G2/><T96/><D96/><U28/><E28/><V56/><F53/><W17/><G3/><T14/><D0/><U131/><E131/><V29/><F29/><W121/><G121/><T82/><D80/><U39/><E39/><V37/><F37/><W72/><G127/><T64/><D64/><U47/><E47/><V78/><F18/><AGARI ba="0,0" hai="8,14,18,82,87,91,100,103,113,114,115" m="42539" machi="18" ten="40,7700,0" yaku="14,1,10,1,52,1" doraHai="81" who="0" fromWho="2" sc="250,77,250,0,250,-77,250,0" /><INIT seed="0,1,0,4,1,68" ten="327,250,173,250" oya="0" hai0="83,0,20,135,119,58,21,92,76,70,50,113,114" hai1="106,16,105,45,93,24,41,123,104,86,2,101,126" hai2="116,6,7,30,98,88,14,49,109,96,75,110,26" hai3="44,91,40,3,130,69,38,121,131,62,13,65,85"/><T33/><D119/><U9/><E123/><V102/><F75/><W1/><G13/><T46/><D70/><U125/><E2/><V18/><F116/><W37/><G121/><T77/><D33/><U5/><E5/><V25/><F49/><W63/><G63/><T79/><D0/><U17/><E86/><V120/><F120/><W78/><G78/><T47/><D135/><U28/><E93/><N who="2" m="56359" /><F7/><W134/><G134/><T132/><D132/><U99/><E105/><N who="2" m="63703" /><F6/><W23/><G1/><T31/><D92/><U57/><E106/><V32/><F30/><W11/><G3/><T112/><D83/><U118/><E118/><V66/><F66/><W108/><G108/><N who="2" m="41577" /><F32/><W89/><G23/><AGARI ba="1,0" hai="14,18,23,25,26" m="41577,63703,56359" machi="23" ten="30,2000,0" yaku="14,1,54,1" doraHai="68" who="2" fromWho="3" sc="327,0,250,0,173,23,250,-23" /><INIT seed="1,0,0,0,1,48" ten="327,250,196,227" oya="1" hai0="106,39,72,56,109,88,19,43,14,0,8,126,63" hai1="68,99,116,101,124,17,69,18,3,61,127,58,104" hai2="86,37,114,123,34,41,119,96,65,29,129,133,35" hai3="132,81,54,82,46,1,74,62,95,38,115,36,131"/><U117/><E3/><V89/><F123/><W50/><G115/><T121/><D121/><U103/><E103/><V9/><F114/><W112/><G112/><T13/><D109/><U10/><E69/><V98/><F119/><W134/><G1/><T78/><D106/><U76/><E76/><V110/><F110/><W55/><G95/><T22/><D126/><N who="1" m="48171" /><E68/><V94/><F65/><W108/><G108/><T125/><D125/><U51/><E51/><V57/><F57/><N who="3" m="35127" /><G74/><T87/><D0/><U102/><E102/><V49/><F37/><N who="3" m="14443" /><G131/><T122/><D122/><U6/><E18/><V118/><F129/><W100/><G100/><T12/><D78/><U5/><E17/><V79/><F79/><W53/><G81/><T70/><D72/><U40/><E40/><V60/><F41/><N who="3" m="24911" /><G82/><T2/><D2/><N who="1" m="311" /><E6/><V47/><F29/><W128/><G128/><T26/><D8/><U42/><E42/><V45/><F9/><W28/><G28/><T93/><D43/><U27/><E27/><V15/><F35/><W31/><G31/><T130/><D39/><U16/><E16/><V75/><F34/><W105/><G105/><T11/><D130/><U83/><E83/><V21/><F75/><W85/><G85/><T32/><D32/><U73/><E73/><V24/><F86/><W20/><G20/><T59/><D11/><U97/><E97/><V107/><F98/><W64/><G64/><AGARI ba="0,0" hai="58,61,64,99,101,104,116,117" m="311,48171" machi="64" ten="30,1500,0" yaku="18,1" doraHai="48" who="1" fromWho="3" sc="327,0,250,15,196,0,227,-15" /><INIT seed="1,1,0,5,5,20" ten="327,265,196,212" oya="1" hai0="99,119,123,53,4,61,66,34,48,50,103,21,104" hai1="15,41,72,109,3,131,45,0,68,88,64,115,22" hai2="86,77,105,95,46,102,14,111,11,112,75,100,133" hai3="19,38,70,92,121,98,118,62,71,29,126,116,108"/><U69/><E115/><V7/><F112/><W82/><G121/><T106/><D123/><U134/><E134/><V78/><F133/><W47/><G29/><T9/><D119/><U28/><E131/><V90/><F111/><W42/><G108/><T93/><D21/><U59/><E72/><V107/><F46/><W44/><G82/><T84/><D34/><U30/><E109/><V31/><F31/><W26/><G126/><T23/><D23/><U125/><E125/><V52/><F75/><W2/><G2/><T87/><D104/><U40/><E15/><V55/><F107/><W127/><G127/><T27/><D50/><U79/><E79/><N who="2" m="30219" /><F105/><W43/><G19/><T73/><D48/><U58/><E45/><V1/><F1/><W24/><G92/><T13/><D53/><AGARI ba="1,0" hai="7,11,14,52,53,55,86,90,95,100,102" m="30219" machi="53" ten="30,2000,0" yaku="8,1,54,1" doraHai="20" who="2" fromWho="0" sc="327,-23,265,0,196,23,212,0" /><INIT seed="2,0,0,3,2,64" ten="304,265,219,212" oya="2" hai0="104,19,52,16,33,10,87,70,108,118,42,3,89" hai1="113,135,107,6,49,37,23,66,117,92,22,125,76" hai2="41,111,55,106,85,1,12,131,68,30,25,61,2" hai3="0,115,94,90,74,62,109,34,114,105,17,21,133"/><V121/><F106/><W35/><G105/><T83/><D104/><U101/><E113/><V72/><F72/><W130/><G74/><T40/><D33/><U58/><E125/><V13/><F121/><W59/><G109/><T14/><D108/><U71/><E117/><V28/><F111/><W81/><G0/><T44/><D118/><U122/><E135/><V57/><F131/><W73/><G81/><T77/><D3/><U93/><E122/><V67/><F2/><W84/><G73/><T24/><D70/><U9/><E37/><V39/><F1/><W78/><G78/><T18/><D77/><U5/><E76/><V119/><F119/><W82/><G133/><T79/><D79/><U56/><E107/><V134/><F134/><W128/><G82/><T88/><D89/><U27/><E49/><N who="2" m="30959" /><F85/><W63/><G35/><T4/><D24/><U65/><E27/><V102/><F102/><W98/><G34/><T60/><D44/><U54/><E101/><V69/><F68/><W51/><G84/><T112/><D112/><N who="3" m="43049" /><G51/><T132/><D132/><U123/><E71/><V126/><F126/><W110/><G110/><T96/><D96/><U26/><E123/><V36/><F36/><W8/><G8/><T45/><D45/><U43/><E9/><V99/><F99/><W46/><G46/><T97/><D97/><U32/><E32/><N who="2" m="20495" /><F30/><W95/><G95/><T47/><D47/><AGARI ba="0,0" hai="12,13,39,41,47,61,67,69" m="20495,30959" machi="47" ten="30,2900,0" yaku="24,1,52,1" doraHai="64" who="2" fromWho="0" sc="304,-29,265,0,219,29,212,0" /><INIT seed="2,1,0,0,0,113" ten="275,265,248,212" oya="2" hai0="45,59,9,52,125,76,15,4,109,84,25,64,62" hai1="104,43,1,17,99,73,103,134,21,132,44,14,58" hai2="116,22,102,56,50,98,12,63,127,107,85,129,3" hai3="82,65,5,49,34,38,40,83,31,106,92,67,100"/><V54/><F3/><W94/><G38/><T115/><D115/><U30/><E1/><V97/><F129/><W13/><G34/><T24/><D109/><U93/><E73/><V81/><F127/><W48/><G31/><T110/><D110/><U124/><E124/><V0/><F0/><W57/><G106/><T6/><D125/><U33/><E58/><V130/><F130/><W118/><G40/><T41/><D4/><U7/><E7/><V42/><F98/><W78/><G78/><T108/><D64/><U11/><E11/><V74/><F74/><W114/><G114/><T91/><D108/><U32/><E104/><V28/><F116/><W2/><G2/><T39/><REACH who="0" step="1"/><D76/><REACH who="0" ten="265,265,248,212" step="2"/><U90/><E132/><V123/><F123/><W89/><G5/><T80/><AGARI ba="1,1" hai="6,9,15,24,25,39,41,45,52,59,62,80,84,91" machi="80" ten="20,8000,1" yaku="1,1,2,1,0,1,7,1,54,1,53,0" doraHai="113" doraHaiUra="135" who="0" fromWho="0" sc="265,93,265,-21,248,-41,212,-21" /><INIT seed="3,0,0,4,2,24" ten="358,244,207,191" oya="3" hai0="59,7,10,21,1,0,116,121,55,34,105,32,115" hai1="3,132,44,114,91,135,128,94,37,101,12,102,85" hai2="75,35,71,124,28,15,63,76,95,30,96,113,58" hai3="129,11,45,56,99,98,87,134,42,73,67,100,78"/><W122/><G134/><N who="1" m="51242" /><E3/><V88/><F35/><W125/><G129/><T119/><D105/><U117/><E128/><V131/><F131/><W22/><G125/><T72/><D72/><U112/><E12/><V5/><F124/><W54/><G73/><T57/><D121/><U123/><E123/><V33/><F33/><W19/><G67/><T6/><D115/><N who="1" m="44075" /><E117/><V17/><F113/><W43/><G11/><T27/><D55/><U36/><E44/><V48/><F71/><W127/><G127/><T97/><D97/><N who="3" m="36873" /><G45/><T120/><D120/><U52/><E52/><N who="2" m="32007" /><F75/><W106/><G100/><AGARI ba="0,0" hai="36,37,85,91,94,100,101,102" m="44075,51242" machi="100" ten="30,1000,0" yaku="20,1" doraHai="24" who="1" fromWho="3" sc="358,0,244,10,207,0,191,-10" /><INIT seed="4,0,0,3,4,117" ten="358,254,207,181" oya="0" hai0="90,53,13,88,33,51,46,77,80,104,63,108,27" hai1="54,2,113,89,28,41,35,21,34,9,38,133,84" hai2="95,75,81,22,65,73,42,40,128,7,76,121,110" hai3="123,116,130,93,100,68,83,17,119,8,125,43,62"/><T30/><D108/><U115/><E133/><V124/><F110/><W26/><G125/><T15/><D104/><U12/><E38/><V67/><F124/><W50/><G130/><T106/><D106/><U127/><E127/><V60/><F128/><W135/><G135/><T98/><D63/><U92/><E41/><V103/><F75/><W105/><G105/><T131/><D131/><U91/><E2/><V112/><F112/><N who="1" m="43081" /><E91/><V72/><F72/><W120/><G83/><T47/><D47/><U31/><E54/><V48/><F67/><W78/><G78/><T86/><REACH who="0" step="1"/><D90/><REACH who="0" ten="348,254,207,181" step="2"/><U56/><E56/><V102/><F60/><W11/><G62/><T64/><D64/><U97/><E97/><V18/><F65/><W57/><G68/><T99/><D99/><U10/><E89/><V45/><F45/><N who="3" m="25919" /><G57/><T25/><D25/><U129/><E129/><V118/><F102/><W20/><G119/><T1/><D1/><U82/><E92/><AGARI ba="0,1" hai="13,15,27,30,33,46,51,53,77,80,86,88,92,98" machi="92" ten="40,3900,0" yaku="1,1,54,1,53,0" doraHai="117" doraHaiUra="59" who="0" fromWho="1" sc="348,49,254,-39,207,0,181,0" /><INIT seed="4,1,0,5,1,89" ten="397,215,207,181" oya="0" hai0="130,113,12,79,15,14,37,24,25,0,22,23,64" hai1="60,42,78,97,134,67,4,31,107,43,6,85,109" hai2="34,93,120,77,27,5,30,29,119,40,66,10,2" hai3="56,69,116,1,81,132,13,123,96,76,68,128,70"/><T54/><D37/><U129/><E109/><V47/><F120/><W33/><G116/><T95/><D64/><U7/><E134/><V88/><F119/><W17/><G132/><T124/><D113/><U100/><E129/><V44/><F30/><W62/><G1/><T127/><D130/><U39/><E31/><V92/><F77/><W117/><G117/><T52/><D0/><U55/><E55/><V48/><F66/><W58/><G33/><T125/><D79/><U135/><E135/><V3/><F3/><W110/><G110/><T114/><D114/><U82/><REACH who="1" step="1"/><E39/><REACH who="1" ten="397,205,207,181" step="2"/><V11/><F11/><W38/><G38/><T103/><D54/><U59/><AGARI ba="1,1" hai="4,6,7,42,43,59,60,67,78,82,85,97,100,107" machi="59" ten="30,4000,0" yaku="1,1,2,1,0,1,53,0" doraHai="89" doraHaiUra="20" who="1" fromWho="1" sc="397,-21,205,53,207,-11,181,-11" /><INIT seed="5,0,0,3,3,55" ten="376,258,196,170" oya="1" hai0="126,70,7,76,132,123,105,6,2,18,92,57,118" hai1="128,50,121,82,14,37,108,80,120,86,12,68,103" hai2="131,79,73,11,35,88,44,107,59,91,9,10,134" hai3="97,62,112,53,69,99,49,84,124,20,127,71,104"/><U19/><E128/><V47/><F131/><W122/><G122/><T72/><D123/><U129/><E129/><V0/><F0/><W135/><G135/><T64/><D118/><U60/><E37/><V40/><F134/><W81/><G112/><T32/><D105/><U56/><E108/><V28/><F107/><W52/><G20/><T87/><D32/><U5/><E103/><V63/><F73/><W65/><G71/><T58/><D72/><U38/><E38/><V22/><F79/><W95/><G104/><T26/><D92/><U96/><E96/><V46/><F35/><W75/><G75/><T89/><D89/><N who="2" m="34378" /><F40/><W21/><G95/><T29/><D2/><U74/><E74/><V15/><F28/><W42/><G21/><T13/><D29/><U41/><E68/><V31/><F31/><W34/><G34/><T106/><D70/><U78/><E82/><V36/><F36/><W125/><G42/><T43/><D43/><U111/><E111/><V61/><F61/><W98/><REACH who="3" step="1"/><G49/><REACH who="3" ten="376,258,196,160" step="2"/><T27/><D106/><U94/><E94/><V117/><F22/><W24/><G24/><T67/><D27/><U17/><E121/><V51/><F117/><W48/><G48/><T1/><D26/><U119/><E120/><V3/><F51/><W4/><G4/><T39/><D6/><U130/><E119/><V85/><F3/><W110/><G110/><T109/><D7/><U25/><E130/><V45/><N who="2" m="11264" /><DORA hai="33" /><V100/><F85/><W116/><G116/><T16/><D109/><U133/><E133/><V8/><F8/><W30/><G30/><RYUUKYOKU ba="0,1" sc="376,-10,258,-10,196,-10,160,30" hai3="52,53,62,65,69,81,84,97,98,99,124,125,127" /><INIT seed="6,1,1,3,0,101" ten="366,248,186,190" oya="2" hai0="82,10,29,64,6,111,52,9,88,59,18,70,108" hai1="13,119,114,66,11,45,40,99,120,53,17,4,87" hai2="28,77,85,33,63,123,126,56,27,73,112,35,30" hai3="90,102,84,79,110,37,103,8,47,42,118,100,109"/><V22/><F126/><W23/><G118/><T92/><D29/><U21/><E119/><V25/><F123/><W89/><G8/><T49/><D82/><U116/><E116/><V91/><F112/><W43/><G43/><T104/><D104/><U130/><E114/><V12/><F73/><W39/><G39/><T61/><D18/><U93/><E130/><V1/><F1/><W46/><G46/><T15/><D9/><U60/><E120/><V41/><F41/><W96/><G23/><T75/><D75/><U44/><E87/><AGARI ba="1,1" hai="6,10,15,49,52,59,61,64,70,87,88,92,108,111" machi="87" ten="30,3900,0" yaku="7,1,54,2" doraHai="101" who="0" fromWho="1" sc="366,52,248,-42,186,0,190,0" /><INIT seed="7,0,0,4,5,45" ten="418,206,186,190" oya="3" hai0="124,69,21,99,77,16,24,93,63,135,27,78,28" hai1="55,30,126,7,65,47,66,43,86,107,12,18,67" hai2="129,100,14,118,111,49,82,33,44,61,91,22,76" hai3="50,62,95,40,26,41,72,119,19,89,92,108,125"/><W101/><G119/><T102/><D135/><U54/><E107/><V56/><F118/><W10/><G72/><T71/><D124/><U109/><E109/><V122/><F129/><W103/><G125/><T35/><REACH who="0" step="1"/><D63/><REACH who="0" ten="408,206,186,190" step="2"/><U88/><E126/><V112/><F111/><W83/><G62/><T127/><D127/><U115/><E115/><V51/><F112/><W84/><G108/><T32/><D32/><U131/><E131/><V87/><F33/><W90/><G103/><T117/><D117/><U94/><E7/><V39/><F100/><W36/><G101/><T59/><D59/><U46/><E46/><V81/><F44/><N who="3" m="25863" /><G36/><T114/><D114/><U120/><E47/><V6/><F39/><W38/><G38/><T52/><D52/><U13/><E54/><V11/><F122/><W2/><G41/><T105/><D105/><U74/><E55/><V85/><F22/><N who="3" m="13663" /><G10/><T5/><D5/><U34/><E43/><V80/><F80/><W60/><G60/><T73/><D73/><U110/><E74/><V53/><AGARI ba="0,1" hai="6,11,14,49,51,53,56,61,76,81,82,85,87,91" machi="53" ten="20,8000,1" yaku="0,1,7,1,8,1,52,2" doraHai="45" who="2" fromWho="2" sc="408,-20,206,-20,186,90,190,-40" owari="388,48.0,186,-21.0,276,8.0,150,-35.0" /></mjloggm>